<record><leader>00000cas a22000007a 4500</leader><controlfield tag="001">30091296</controlfield><controlfield tag="008">940405d19851991okudr ne      0    0eng d</controlfield><controlfield tag="009">15907</controlfield><datafield ind1=" " ind2=" " tag="010"><subfield code="a">sn 94058784 </subfield></datafield><datafield ind1=" " ind2=" " tag="040"><subfield code="a">OBN</subfield><subfield code="b">eng</subfield><subfield code="c">OBN</subfield><subfield code="d">OCL</subfield><subfield code="d">OCLCQ</subfield></datafield><datafield ind1="1" ind2=" " tag="029"><subfield code="a">AU@</subfield><subfield code="b">000010972769</subfield></datafield><datafield ind1=" " ind2=" " tag="042"><subfield code="a">msc</subfield></datafield><datafield ind1="0" ind2=" " tag="130"><subfield code="a">Tahlequah daily pictorial press (Tahlequah, Okla. : 1985)</subfield></datafield><datafield ind1="0" ind2="0" tag="245"><subfield code="a">Tahlequah daily pictorial press.</subfield></datafield><datafield ind1=" " ind2=" " tag="260"><subfield code="a">Tahlequah, Cherokee County, Okla. :</subfield><subfield code="b">M.G. Stone</subfield></datafield><datafield ind1=" " ind2=" " tag="300"><subfield code="a">v.</subfield></datafield><datafield ind1=" " ind2=" " tag="310"><subfield code="a">Daily (except Monday and Saturday)</subfield></datafield><datafield ind1="0" ind2=" " tag="362"><subfield code="a">Vol. 22, no. 108 (June 4, 1985)-v. 28, no. 18 (June 25, 1991).</subfield></datafield><datafield ind1=" " ind2="4" tag="651"><subfield code="a">Tahlequah (Okla.)</subfield><subfield code="v">Newspapers.</subfield></datafield><datafield ind1=" " ind2="4" tag="651"><subfield code="a">Cherokee County (Okla.)</subfield><subfield code="v">Newspapers.</subfield></datafield><datafield ind1=" " ind2=" " tag="752"><subfield code="a">United States</subfield><subfield code="b">Oklahoma</subfield><subfield code="c">Cherokee</subfield><subfield code="d">Tahlequah.</subfield></datafield><datafield ind1="0" ind2="0" tag="780"><subfield code="t">Tahlequah pictorial daily press</subfield><subfield code="w">(DLC)sn 94058783</subfield><subfield code="w">(OCoLC)30091059</subfield></datafield><datafield ind1="0" ind2="0" tag="785"><subfield code="t">Tahlequah daily press (Tahlequah, Okla. : 1991)</subfield><subfield code="w">(DLC)sn 94058785</subfield><subfield code="w">(OCoLC)30091346</subfield></datafield></record>